<record><leader>00000cas a22000007a 4500</leader><controlfield tag="001">22377409</controlfield><controlfield tag="008">900914c19279999mauwr ne      0    0eng d</controlfield><datafield ind1=" " ind2=" " tag="010"><subfield code="a">sn 89062483 </subfield></datafield><datafield ind1=" " ind2=" " tag="040"><subfield code="a">MGN</subfield><subfield code="b">eng</subfield><subfield code="c">MGN</subfield><subfield code="d">OCLCQ</subfield></datafield><datafield ind1=" " ind2=" " tag="042"><subfield code="a">msc</subfield></datafield><datafield ind1="0" ind2=" " tag="130"><subfield code="a">Manchester cricket (Manchester, Mass. : 1927)</subfield></datafield><datafield ind1="1" ind2="4" tag="245"><subfield code="a">The Manchester cricket.</subfield></datafield><datafield ind1="1" ind2="7" tag="246"><subfield code="a">Manchester cricket and Essex echo</subfield></datafield><datafield ind1=" " ind2=" " tag="260"><subfield code="a">Manchester, Mass. :</subfield><subfield code="b">Cricket Press</subfield></datafield><datafield ind1=" " ind2=" " tag="300"><subfield code="a">v.</subfield></datafield><datafield ind1=" " ind2=" " tag="310"><subfield code="a">Weekly</subfield></datafield><datafield ind1="0" ind2=" " tag="362"><subfield code="a">Vol. 39, no. 36 (Jan. 21, 1927)-</subfield></datafield><datafield ind1=" " ind2=" " tag="752"><subfield code="a">United States</subfield><subfield code="b">Massachusetts</subfield><subfield code="c">Essex</subfield><subfield code="d">Manchester.</subfield></datafield><datafield ind1=" " ind2=" " tag="752"><subfield code="a">United States</subfield><subfield code="b">Massachusetts</subfield><subfield code="c">Essex</subfield><subfield code="d">Essex.</subfield></datafield><datafield ind1="0" ind2="0" tag="780"><subfield code="t">Manchester cricket and Essex echo</subfield><subfield code="w">(DLC)sn 89062482</subfield></datafield></record>